@misc{who2017,
    title= {{Depression and Other Common Mental Disorders: Global Health Estimates}},
    author={{Geneva: World Health Organization}},
    year={{2017}},
}

@misc{whatsapp,
  title={{WhatsApp}},
  howpublished={\url{https://www.whatsapp.com/}},
  note={2022-03-11}
}

@misc{telegram,
  title={{Telegram}},
  howpublished={\url{https://telegram.org/}},
  note={2022-03-11}
}

@misc{youtube,
  title={{YouTube}},
  howpublished={\url{https://www.youtube.com/}},
  note={2022-03-11}
}

@article{corona-mental,
    title= {{Global prevalence and burden of depressive and anxiety disorders in 204 countries and territories in 2020 due to the COVID-19 pandemic}},
    author={{Damian F Santomauro, Ana M Mantilla Herrera, Jamileh Shadid et al.}},
    journal={{The Lancet}},
    volume={{398}},
    number={{10312}},
    pages={{1700-1712}},
    year={{2021}},
}

@article{rural-shortage,
    title= {{Shortages of Rural Mental Health Professionals}},
    author={{Elizabeth Merwin, Ivora Hinton, Bruce Dembling and Steven Stern}},
    journal={{Archives of Psychiatric Nursing}},
    volume={{17}},
    number={{1}},
    pages={{42-51}},
    year={{2003}},
}

@article{indian-shortage,
    title= {{Chatbots in psychiatry: Can treatment gap be lessened for psychiatric disorders in India}},
    author={{Om Prakash Singh}},
    journal={{Indian Journal of Psychiatry}},
    volume={{61}},
    number={{3}},
    pages={{225}},
    year={{2019}},
}

@misc{woebot-download,
  title={{Woebot Health - Download Woebot}},
  howpublished={\url{https://woebothealth.com/referral/?ref=website}},
  note={2022-03-01}
}

@misc{woebot-organizations,
  title={{Woebot Health - For Organizations}},
  howpublished={\url{https://woebothealth.com/for-organizations/}},
  note={2022-03-03}
}

@misc{woebot-powers,
  title={{Woebot - What powers Woebot}},
  howpublished={\url{https://woebothealth.com/what-powers-woebot/}},
  note={2022-03-11}
}

@article{progressive-muscle,
    title= {{Progressive Muscle Relaxation}},
    author={{Martha S. McCallie, Claira M. Blum and Charlaine J. Hood}},
    journal={{Journal of Human Behavior in the Social Environment}},
    volume={{13}},
    number={{3}},
    pages={{51-66}},
    year={{2006}},
}

@article{stress-pmr,
    title= {{Comparing Brief Stress Management Courses in a Community Sample: Mindfulness Skills and Progressive Muscle Relaxation}},
    author={{John D. Agee, Sharon Danoff-Burg and Christoffer A. Grant}},
    journal={{EXPLORE}},
    volume={{5}},
    number={{2}},
    pages={{104-109}},
    year={{2009}},
}

@article{name,
    title= {{}},
    author={{}},
    journal={{}},
    volume={{}},
    number={{}},
    pages={{}},
    year={{}},
}